@TechReport{cartacho_ufmg,
  url = {https://repositorio.ufmg.br/handle/1843/BUBD-99UHEK},
  year = {2001},
  institution = {Universidade Federal de Minas Gerais},
  author = {Marcelo Soares Cartacho, Antonio Artur de Souza},
  title = {A utilização de um método híbrido algoritmo genético/redes neurais no processo de seleção de carteiras},
  address = {Belo Horizonte},
  type = {Master thesis}
  
}


@TechReport{dametto,
  url = {https://repositorio.unesp.br/handle/11449/157058?locale-attribute=en},
  year = {2018},
  institution = {Universidade Estadual Paulista Julio de Mesquita Filho},
  author = {Ronaldo César Dametto},
  title = {Estudo da aplicação de redes neurais artificiais para predição de séries temporais financeiras},
  address = {Bauru},
  type = {Master thesis}
}

@article{danielsson2001,
  url = {https://papers.tinbergen.nl/01069.pdf},
  year = {2001},
  publisher = {Tinbergen Institute},
  author = {Jón Dan{\´{i}}elsson and Bj{\o}rn N. Jorgesen and Casper G. de Vries and Xiaoguang Yang},
  title = {Optimal portfolio allocation under a probabilistic risk constraint and the incentives for financial innovation},
  journal = {Tinbergen Institute}
}

@article{nsga2,
  doi = {10.1109/4235.996017},
  url = {https://doi.org/10.1109/4235.996017},
  year = {2002},
  month = apr,
  publisher = {Institute of Electrical and Electronics Engineers ({IEEE})},
  volume = {6},
  number = {2},
  pages = {182--197},
  author = {K. Deb and A. Pratap and S. Agarwal and T. Meyarivan},
  title = {A fast and elitist multiobjective genetic algorithm: {NSGA}-{II}},
  journal = {{IEEE} Transactions on Evolutionary Computation}
}

@article{djehiche,
  url = {https://pdfs.semanticscholar.org/dc1d/e4407ddf45071a85b00f121abdb23375aa1a.pdf},
  year = {2018},
  journal = {Royal Institute of Technology: School of Engineering Sciences},
  author = {Younes Djehiche},
  title = {A Neural Networks Approach to Portfolio Choice}
}

@book{metaheuristic,
  doi = {10.1007/978-3-319-41192-7},
  url = {https://doi.org/10.1007/978-3-319-41192-7},
  year = {2016},
  publisher = {Springer International Publishing},
  author = {Ke-Lin Du and M. N. S. Swamy},
  title = {Search and Optimization by Metaheuristics}
}

@article{Markowitz1952,
  doi = {10.1111/j.1540-6261.1952.tb01525.x},
  url = {https://doi.org/10.1111/j.1540-6261.1952.tb01525.x},
  year = {1952},
  month = mar,
  publisher = {Wiley},
  volume = {7},
  number = {1},
  pages = {77--91},
  author = {Harry Markowitz},
  title = {Portfolio selection},
  journal = {The Journal of Finance}
}

@phdthesis{puc,
  author       = {José Eduardo Nunes Da Rocha}, 
  title        = {Sistema Inteligente de Diagnósticos Energéticos e  de  Análise  de  Investimentos  em  Projetos  de Eficiência Energética Gerenciados pelo Lado da Demanda},
  school       = {Pontifícia Universidade Católica do Rio de Janeiro},
  year         = 2013,
  address      = {Rio de Janeiro},
  month        = apr
}

@article{Rockafellar2002,
  doi = {10.1016/s0378-4266(02)00271-6},
  url = {https://doi.org/10.1016/s0378-4266(02)00271-6},
  year = {2002},
  month = jul,
  publisher = {Elsevier {BV}},
  volume = {26},
  number = {7},
  pages = {1443--1471},
  author = {R.Tyrrell Rockafellar and Stanislav Uryasev},
  title = {Conditional value-at-risk for general loss distributions},
  journal = {Journal of Banking {\&} Finance}
}

@article{Rockafellar2000,
  doi = {10.21314/jor.2000.038},
  url = {https://doi.org/10.21314/jor.2000.038},
  year = {2000},
  publisher = {Infopro Digital Services Ltd},
  volume = {2},
  number = {3},
  pages = {21--41},
  author = {R. Tyrrell Rockafellar and Stanislav Uryasev},
  title = {Optimization of conditional value-at-risk},
  journal = {The Journal of Risk}
}

@TechReport{nicholas_silva,
  url = {http://monografias.poli.ufrj.br/monografias/monopoli10028312.pdf},
  year = {2019},
  institution = {Universidade Federal do Rio de Janeiro},
  author = {Nicholas Quagliani Morgado da Silva},
  title = {Otimização de portfólios de investimentos baseada em aprendizado não-supervisionado},
  address = {Rio de Janeiro}
  
}

@article{nsga,
  url = {https://web.njit.edu/~horacio/Math451H/download/SrinivasDeb_GA.pdf},
  year = {1994},
  publisher = {Indian Institute of Technology},
  author = {N. Srinivas and Kalyanmoy Deb},
  title = {Multiobjective optmization using nondominated sorting in genetic algorithms},
  journal = {Evolutionary Computation}
}

@article{yoshiba2002,
  url = {https://econpapers.repec.org/article/imeimemes/v_3a20_3ay_3a2002_3ai_3a1_3ap_3a87-121.htm},
  year = {2002},
  journal = {Econ Papers},
  author = {Yasuhiro Yamai and Toshinao Yoshiba},
  title = {Comparative Analyses of Expected Shortfall and Value-at-Risk: Their Estimation Error, Decomposition, and Optimization}
}

@article{YAMAN2019,
  doi = {10.31801/cfsuasmas.443670},
  url = {https://doi.org/10.31801/cfsuasmas.443670},
  year = {2019},
  month = jul,
  publisher = {Communications Faculty of Sciences University of Ankara Series A1 Mathematics and Statistics},
  volume = {68},
  number = {2},
  pages = {1709--1723},
  author = {Ilg{\i}m Yaman and T\"{u}rkan Erbay Dalkiliç},
  title = {Portfolio selection based on a nonlinear neural network: An application on the Istanbul Stock Exchange ({ISE}30)},
  journal = {Communications Faculty Of Science University of Ankara Series A1Mathematics and Statistics}
}

@book{katti,
  Author = {Katti Faceli and Ana Carolina Lorena and João Gama and André de Carvalho},
  Title = {Inteligência Artificial. Uma Abordagem de Aprendizado de Máquina},
  Publisher = {LTC},
  Year = {2011},
  address = {Rio de Janeiro}
}

@book{rn_eng,
  Author = {Ivan Nunes da Silva and Danilo Hernane Spatti and Rogério Andrade Flauzino},
  Title = {Redes Neurais Artificiais Para Engenharia e Ciencias Aplicadas: Fundamentos Teoricos e Aspectos Praticos},
  Publisher = {Artliber},
  Year = {2016},
  Address = {São Paulo},
  edition = 2
}

@book{var,
  Author = {Philippe Jorion},
  Title = {Value at Risk: The New Benchmark for Managing Financial Risk},
  Publisher = {McGraw-Hill Education},
  Address = New York,
  Year = {2006},
  Edition = 3,
  ISBN = {0070700427}
}

@article{heiden_marchi,
  year = {2019},
  month = sep,
  author = {Alexandre Heiden and Felipe Marchi Ramos and Omir Correa Alves Junior},
  title = {Otimização Multiobjetivo de Portfólios de Investimento Utilizando Algoritmos Evolutivos},
  journal = {Simpósio Brasileiro de Pesquisa Operacional}
}

@book{goldbarg,
  Author = {Marco Cesar Goldbarg and Elizabeth Goldbarg and Henrique Pacoa Loureiro Luna},
  Title = {Otimizacao Combinatoria e Metaheuristicas: Algoritmos e Aplicacoes},
  Publisher = {Elsevier},
  Year = {2015},
  Address = {Rio de Janeiro},
  Edition = {1}
}

@article{goedert, 
    title={Natural computing: concepts and applications of computinginspired by nature},
    volume={38}, 
    number={34}, 
    journal={Espacios}, 
    author={GOEDERT, Matheus L and Paula Filho, Pedro L and Blanco, Daniel R}, 
    year={2017}, 
    month={Mar}, 
    pages={31–46},
    url={https://www.revistaespacios.com/a17v38n34/a17v38n34p31.pdf}
} 




 %%% not cited %%%%






@article{cefet,
  url = {http://www.sbpo2017.iltc.br/pdf/168602.pdf},
  year = {2017},
  month = aug,
  author = {Fernando Garcia Diniz Campos Ferreira and Bruno Cândido Barroso and Rodrigo Tomás Nogueira Cardoso},
  title = { Comparação de algoritmos meta-heurísticos para otimização combinatória multiobjetivo de portfólios financeiros },
  journal = {XLIX Simpósio Brasileiro de Pesquisa Operacional}
}


@article{Moreira2018,
  doi = {10.4025/enfoque.v37i2.38329},
  url = {https://doi.org/10.4025/enfoque.v37i2.38329},
  year = {2018},
  month = jun,
  publisher = {Universidade Estadual de Maringa},
  volume = {37},
  number = {2},
  pages = {141},
  author = {Kleverson D{\'{a}}liton Silva Moreira and Antonio Sergio Torres Penedo},
  title = {Sele{\c{c}}{\~{a}}o de Portfolios: Uma an{\'{a}}lise comparativa dos cinco fatores de Fama e French e Redes Neurais Artificiais},
  journal = {Enfoque: Reflex{\~{a}}o Cont{\'{a}}bil}
 }


@incollection{Castilho2019,
  doi = {10.1007/978-3-030-22744-9_27},
  url = {https://doi.org/10.1007/978-3-030-22744-9_27},
  year = {2019},
  publisher = {Springer International Publishing},
  pages = {340--353},
  author = {Douglas Castilho and Jo{\~{a}}o Gama and Leandro R. Mundim and Andr{\'{e}} C. P. L. F. de Carvalho},
  title = {Improving Portfolio Optimization Using Weighted Link Prediction in Dynamic Stock Networks},
  booktitle = {Lecture Notes in Computer Science}
}


@article{Kolm2014,
  doi = {10.1016/j.ejor.2013.10.060},
  url = {https://doi.org/10.1016/j.ejor.2013.10.060},
  year = {2014},
  month = apr,
  publisher = {Elsevier {BV}},
  volume = {234},
  number = {2},
  pages = {356--371},
  author = {Petter N. Kolm and Reha TÜTÜNCÜ and Frank J. Fabozzi},
  title = {60 Years of portfolio optimization: Practical challenges and current trends},
  journal = {European Journal of Operational Research}
}


@article{CoelloCoello2006,
  doi = {10.1109/mci.2006.1597059},
  url = {https://doi.org/10.1109/mci.2006.1597059},
  year = {2006},
  month = feb,
  publisher = {Institute of Electrical and Electronics Engineers ({IEEE})},
  volume = {1},
  number = {1},
  pages = {28--36},
  author = {C.A. Coello Coello},
  title = {Evolutionary multi-objective optimization: a historical view of the field},
  journal = {{IEEE} Computational Intelligence Magazine}
}

@phdthesis{ashwood,
  author       = {Andrew J. Ashwood}, 
  title        = {Portfolio selection using Artificial Intelligence},
  school       = {Queensland University of Technology},
  year         = 2013,
  address      = {Brisbane City},
  month        = jun
}


@article{Jaszkiewicz2002,
  doi = {10.1016/s0377-2217(01)00104-7},
  url = {https://doi.org/10.1016/s0377-2217(01)00104-7},
  year = {2002},
  month = feb,
  publisher = {Elsevier {BV}},
  volume = {137},
  number = {1},
  pages = {50--71},
  author = {Andrzej Jaszkiewicz},
  title = {Genetic local search for multi-objective combinatorial optimization},
  journal = {European Journal of Operational Research}
}

@article{freitas2003,
  url = {http://www.inf.ufes.br/~alberto/papers/aia2001_348-101.pdf},
  year = {2003},
  publisher = {Universidade Federal do Espírito Santo},
  author = {Fábio Darios de Freitas and and Alberto F. de Souza and Francisco José Negreiros Gomes and Ailson R. de Almeida},
  title = {Portfolio Selection with Predicted Returns Using Neural Networks},
  journal = {Universidade Federal do Espírito Santo}
}



@book{Mansini2015,
  doi = {10.1007/978-3-319-18482-1},
  url = {https://doi.org/10.1007/978-3-319-18482-1},
  year = {2015},
  publisher = {Springer International Publishing},
  author = {Renata Mansini and W{\l}odzimierz Ogryczak and M. Grazia Speranza},
  title = {Linear and Mixed Integer Programming for Portfolio Optimization}
}

@article{Araujo2015,
  doi = {10.5700/rausp1195},
  url = {http://www.scielo.br/pdf/rausp/v50n2/0080-2107-rausp-50-02-0208.pdf},
  year = {2015},
  publisher = {Business Department,  School of Economics,  Business {\&} Accounting {USP}},
  volume = {50},
  number = {2},
  pages = {208--228},
  author = {Alcides Carlos de Ara{\'{u}}jo and Alessandra de {\'{A}}vila Montini},
  title = {An{\'{a}}lise de m{\'{e}}tricas de risco na otimiza{\c{c}}{\~{a}}o de portf{\'{o}}lios de a{\c{c}}{\~{o}}es},
  journal = {Revista de Administra{\c{c}}{\~{a}}o}
}

@article{Maindonald2009,
  doi = {10.18637/jss.v029.b11},
  url = {https://doi.org/10.18637/jss.v029.b11},
  year = {2009},
  publisher = {Foundation for Open Access Statistic},
  volume = {29},
  number = {Book Review 11},
  author = {John Maindonald},
  title = {Modern Multivariate Statistical Techniques: Regression,  Classification and Manifold Learning},
  journal = {Journal of Statistical Software}
}